@article{fraser_2021_IJDRR,
	author={Timothy Fraser},
	year={2021},
	title={Japanese Social Capital and Social Vulnerability Indices: Measuring Drivers of Community Resilience 2000-2017},
	journal={International Journal of Disaster Risk Reduction},
	volume={52},
	number={101965},
	pages={1-11},
	url={https://doi.org/10.1016/j.ijdrr.2020.101965}
}

@article{cutter_et_al_2003,
  author={Susan L. Cutter and B. J. Boruff and L. W. Shirley},
  year={2003},
  month={May},
  title={Social Vulnerability to Environmental Hazards},
  journal={Social Science Quarterly},
  volume={84},
  number={2},
  pages={242-261},
  url={https://doi.org/10.1111%2F1540-6237.8402002},
  doi={10.1111/1540-6237.8402002}
}

@article{koyano_2008,
  author = {Koyano, W.},
  year = {2008},
  month = {12},
  pages = {51 - 56},
  title = {Filial Piety and Intergenerational Solidarity in Japan},
  volume = {15},
  journal = {Australasian Journal on Ageing},
  doi = {10.1111/j.1741-6612.1996.tb00203.x}
}
@article{finch_et_al_2010,
  author={C. Finch and Christopher. T. Emrich and Susan L. Cutter},
  year={2010},
  title={Disaster disparities and differential recovery in New Orleans},
  journal={Population and Environment},
  volume={31}, 
  pages={179-202}
}
  
@article{domingue_and_emrich_2019,
	author={Simone J. Domingue and Christopher T. Emrich},
	year={2019},
	month={Nov},
	title={Social Vulnerability and Procedural Equity: Exploring the Distribution of Disaster Aid Across Counties in the United States},
	journal={American review of public administration},
	volume={49},
	number={8},
	pages={897-913},
	isbn={0275-0740},
	url={https://journals.sagepub.com/doi/full/10.1177/0275074019856122},
	doi={10.1177/0275074019856122}
}

@article{aldrich_and_meyer_2015,
  author={Daniel P. Aldrich and Michelle A. Meyer},
  year={2015},
  title={Social Capital and Community Resilience},
  journal={American Behavioral Scientist},
  volume={59},
  number={2},
  pages={254-269},
  doi={10.1177/0002764214550299}
}

@article{fraser_et_al_2021_GEC,
	author={Timothy Fraser and Daniel P. Aldrich and Andrew Small},
	year={2021},
	month={Sep},
	title={Seawalls or social recovery? The role of policy networks and design in disaster recovery},
	journal={Global environmental change},
	volume={70},
	pages={102342},
	isbn={0959-3780},
	url={https://dx.doi.org/10.1016/j.gloenvcha.2021.102342},
	doi={10.1016/j.gloenvcha.2021.102342}
}

@article{fraser_et_al_2021_NH,
	author={Timothy Fraser and Daniel P. Aldrich and Andrew Small},
	year={2021},
	month={Aug 1,},
	title={Connecting Social Capital and Vulnerability: Citation Network Analysis of Disaster Studies},
	journal={Natural hazards review},
	volume={22},
	number={3},
  isbn={1527-6988},
	url={http://ascelibrary.org/doi/abs/10.1061/(ASCE)NH.1527-6996.0000469},
	doi={10.1061/(ASCE)NH.1527-6996.0000469}
}

@article{morrow_1999,
	author={Betty Hearn Morrow},
	year={1999},
	month={Mar},
	title={Identifying and Mapping Community Vulnerability},
	journal={Disasters},
	volume={23},
	number={1},
	pages={1-18},
  isbn={0361-3666},
	url={https://api.istex.fr/ark:/67375/WNG-DZB57KVW-T/fulltext.pdf},
	doi={10.1111/1467-7717.00102},
	pmid={10204285}
}


@article{fothergill_and_peek_2004,
  author={Alice Fothergill and Lori A. Peek},
  year={2004},
  title={Poverty and disasters in the United States: A review of recent sociological findings},
  journal={Natural Hazards},
  volume={32}, 
  pages={89-110}
}

@article{fothergill_et_al_1999,
  title={Race, ethnicity and disasters in the United States: A review of the literature},
  author={Fothergill, Alice and Maestas, Enrique GM and Darlington, JoAnne DeRouen},
  journal={Disasters},
  volume={23},
  number={2},
  pages={156--173},
  year={1999},
  publisher={Wiley Online Library}
}




@article{cutter_and_emrich_2006,
  author={Susan L. Cutter and Christopher T. Emrich},
  year={2006},
  title={Moral hazard, social catastrophe: The changing face of vulnerability along the hurricane coasts},
  journal={Annals of the American Academy of Political and Social Science},
  volume={604}, 
  pages={102-112}
}

@book{thomas_et_al_2013,
  author={D. S. K. Thomas and B. D. Phillips and W. E. Lovekamp and Alice Fothergill},
  year={2013},
  title={Social vulnerability to disasters (2nd ed.)},
  publisher={CRC Press},
  address={Boca Raton, FL}
}

@article{reid_2013,
  author={M. Reid},
  year={2013},
  title={Disasters and social inequalities},
  journal={Sociology Compass},
  volume={7}, 
  pages={984-997}
}

@article{perry_and_lindell_1991,
  author={R. W. Perry and M. K. Lindell},
  year={1991},
  title={The Effects of Ethnicity on Evacuation Decision-Making},
  journal={International Journal of Mass Emergencies and Disasters},
  volume={9}, 
  pages={47-68}
}

@article{riad_et_al_1999,
	author={Jasmin K. Riad and Fran H. Norris and R. Barry Ruback},
	year={1999},
	month={May},
	title={Predicting Evacuation in Two Major Disasters: Risk Perception, Social Influence, and Access to Resources1},
	journal={Journal of Applied Social Psychology},
	volume={29},
	number={5},
	pages={918-934},
	url={https://doi.org/10.1111%2Fj.1559-1816.1999.tb00132.x},
	doi={10.1111/j.1559-1816.1999.tb00132.x}
}

@article{whitehead_et_al_2001,
  author = {John Whitehead and Bob Edwards and Marieke Willigen and John Maiolo and Ken Wilson and Kevin Smith},
  year = {2001},
  month = {01},
  pages = {133-142},
  title = {Heading for Higher Ground: Factors Affecting Real and Hypothetical Hurricane Evacuation Behavior},
  volume = {2},
  journal = {Global Environmental Change Part B: Environmental Hazards},
  doi = {10.1016/S1464-2867(01)00013-4}
}


@article{wilson_and_tiefenbacher_2012,
  author={Sylvia N. Wilson and John P. Tiefenbacher},
  year={2012},
  month={Sep 1,},
  title={The barriers impeding precautionary behaviours by undocumented immigrants in emergencies: The Hurricane Ike experience in Houston, Texas, USA},
  journal={Environmental hazards},
  volume={11},
  number={3},
  pages={194-212},
	isbn={1747-7891},
	url={http://www.tandfonline.com/doi/abs/10.1080/17477891.2011.649711},
	doi={10.1080/17477891.2011.649711}
}

@article{sharkey_2007,
  author={Patrick Sharkey},
  year={2007},
  month={Mar 1,},
  title={Survival and Death in New Orleans: An Empirical Look at the Human Impact of Katrina},
  journal={Journal of black studies},
  volume={37},
  number={4},
  pages={482-501},
	isbn={0021-9347},
	url={https://www.jstor.org/stable/40034319},
	doi={10.1177/0021934706296188}
}

@article{hikichi_et_al_2020,
  title = {Community-level social capital and cognitive decline after a natural disaster: A natural experiment from the 2011 Great   East Japan Earthquake and Tsunami},
  journal = {Social Science & Medicine},
  volume = {257},
  pages = {111981},
  year = {2020},
  issn = {0277-9536},
  doi = {https://doi.org/10.1016/j.socscimed.2018.09.057},
  url = {https://www.sciencedirect.com/science/article/pii/S0277953618305537},
  author = {Hiroyuki Hikichi and Jun Aida and Yusuke Matsuyama and Toru Tsuboya and Katsunori Kondo and Ichiro Kawachi}
}
@article{aida_et_al_2017,
  author={Jun Aida and Hiroyuki Hikichi and Yusuke Matsuyama and Yukihiro Sato and Toru Tsuboya and Takahiro Tabuchi and Shihoko Koyama and S. V. Subramanian and Katsunori Kondo and Ken Osaka and Ichiro Kawachi},
  year={2017},
  title={Risk of mortality during and after the 2011 Great East JApan Earthquake and Tsunami among older coastal residents},
  journal={Scientific Reports},
  volume={7}, 
  pages={16591}
}

@article{aldrich_and_sawada_2015,
  author={Daniel P. Aldrich and Yasuyuki Sawada},
  year={2015},
  title={The physical and social determinants of mortality in the 3.11 tsunami},
  journal={Social Science & Medicine},
  volume={124}, 
  pages={66â€“75},
  doi={10.1016/j.socscimed.2014.11.025}
}

@article{reuters_2019,
  author={Reuters},
  year={2019},
  month={October},
  day={14},
  title={Factbox: By the numbers: Japan's Typhoon Hagibis compared to killer 1958 storm},
  journal={Reuters},
  urldate={2022-09-01},
  url={https://www.reuters.com/article/us-asia-storm-japan-factbox/factbox-by-the-numbers-japans-typhoon-hagibis-compared-to-killer-1958-storm-idUSKBN1WT0DR}
}



@article{santos_et_al_2021,
	author={Johan Rose Santos and Nur Diana Safitri and Maya Safira and Varun Varghese and Makoto Chikaraishi},
	year={2021},
	month={Jun},
	title={Road network vulnerability and city-level characteristics: A nationwide comparative analysis of Japanese cities},
	journal={Environment and planning. B, Urban analytics and city science},
	volume={48},
	number={5},
	pages={1091-1107},
	isbn={2399-8083},
	url={https://journals.sagepub.com/doi/full/10.1177/2399808321999318},
	doi={10.1177/2399808321999318}
}

@article{kyne_and_aldrich_2020,
  title={Capturing bonding, bridging, and linking social capital through publicly available data},
  author={Kyne, Dean and Aldrich, Daniel P},
  journal={Risk, Hazards \& Crisis in Public Policy},
  volume={11},
  number={1},
  pages={61--86},
  year={2020},
  publisher={Wiley Online Library}
}

@book{putnam_2000,
  title={Bowling alone: The collapse and revival of American community},
  author={Putnam, Robert D and others},
  year={2000},
  publisher={Simon and schuster}
}

@article{page-tan_and_corbin_2021,
  title={Protective policies for all? An analysis of Covid-19 deaths and protective policies among low-, medium-, and high-vulnerability groups},
  author={Page-Tan, Courtney and Corbin, Tanya Buhler},
  journal={Disasters},
  volume={45},
  pages={S119--S145},
  year={2021},
  publisher={Wiley Online Library}
}

@article{tselios_et_al_2019,
  title={What causes nations to recover from disasters? An inquiry into the role of wealth, income inequality, and social welfare provisioning},
  author={Tselios, Vassilis and Tompkins, Emma L},
  journal={International journal of disaster risk reduction},
  volume={33},
  pages={162--180},
  year={2019},
  publisher={Elsevier}
}

@book{hood_and_margetts_2007,
  title={The tools of government in the digital age},
  author={Hood, Christopher C and Margetts, Helen Z},
  year={2007},
  publisher={Macmillan International Higher Education}
}

@book{salamon_1989,
  title={Beyond privatization: The tools of government action},
  author={Salamon, Lester M and others},
  year={1989},
  publisher={The Urban Insitute}
}

@book{pekkanen_2006, 
  author={Pekkanen, Robert}, 
  year={2006},
  title={Japan's Dual Civil Society: Members without Advocates}, 
  publisher={Stanford University Press}, 
  address={Redwood City, CA}
}

@book{leblanc_1999, 
  author={LeBlanc, Robin M.}, 
  title={Bicycle Citizens: the Political Waorld of the Japanese Housewife}, 
  publisher={University of California Press}, 
  location={Berkely, CA}, 
  year={1999}
}


@article{fukui_and_fukai_1996,
  author={Fukui, H., and Fukai, S. N.},
  year={1996},
  title={Pork Barrel Politics, Networks, and Local Economic Development in Contemporary Japan},
  journal={Asian Survey},
  volume={36},
  issue={3}, 
  pages={268â€“286},
  doi={10.2307/2645692}
}


@article{hood_2006,
  author = {Hood, Christopher P.},
  title = {From polling station to political station? Politics and the Shinkansen},
  journal = {Japan Forum},
  volume = {18},
  number = {1},
  pages = {45-63},
  year  = {2006},
  publisher = {Routledge},
  doi = {10.1080/09555800500498228}
}


@misc{estat, 
  title = {Regional Statistics Database}, 
  publisher={Japan Statistical Bureau}, 
  year={2021}, 
  url={https://www.e-stat.go.jp/en/regional-statistics/ssdsview}, 
  note={Accessed: 2021-07-01}
}

@article{catalinac_et_al_2020,
  author = {Amy Catalinac and Bruce Bueno de Mesquita and Alastair Smith},
  title ={A Tournament Theory of Pork Barrel Politics: The Case of Japan},
  journal = {Comparative Political Studies},
  volume = {53},
  number = {10-11},
  pages = {1619-1655},
  year = {2020},
  doi = {10.1177/0010414019897677}
}
@article{haddad_2007, 
  author={Haddad, Mary Alice}, 
  title={Transformation of Japan's civil society landscape}, 
  journal={Journal of East Asian Studies}, 
  volume={7}, 
  issue={3}, 
  year={2007}, 
  pages={413-437}
}

@article{norris_2008,
  author={Norris, Fran H., Stevens, S.P., Pfefferbaum, B., Wyche, K.F., and Pfefferbaum, R.L.},
  title={Community resilience as a metaphor, theory, set of capacities, and strategy for
disaster readiness},
  journal={American Journal of Community Psychology},
  volume={41},
  issue={1-2},
  year={2008},
  pages={127â€“150}
}

@article{aldrich_and_kiyota_2017,
  title={Creating community resilience through elder-led physical and social infrastructure},
  author={Aldrich, Daniel P and Kyota, Emi},
  journal={Disaster medicine and public health preparedness},
  volume={11},
  number={1},
  pages={120--126},
  year={2017},
  publisher={Cambridge University Press}
}

@book{edgington_2010,
  author={Edgington, David W.},
  year={2010},
  title={Reconstructing Kobe: The Geography of Crisis and Opportunity},
  publisher={University of British Columbia Press},
  address={Vancouver}
}

@article{farag_et_al_2013,
  title={Evaluation of the American Red Cross disaster-related mortality surveillance system using Hurricane Ike dataâ€”Texas 2008},
  author={Farag, Noha H and Rey, Araceli and Noe, Rebecca and Bayleyegn, Tesfaye and Wood, April D and Zane, David},
  journal={Disaster medicine and public health preparedness},
  volume={7},
  number={1},
  pages={13--19},
  year={2013},
  publisher={Cambridge University Press}
}

@article{daoud_et_al_2016,
  title={What is the association between absolute child poverty, poor governance, and natural disasters? A global comparison of some of the realities of climate change},
  author={Daoud, Adel and Haller{\"o}d, Bj{\"o}rn and Guha-Sapir, Debarati},
  journal={PLoS one},
  volume={11},
  number={4},
  pages={e0153296},
  year={2016},
  publisher={Public Library of Science San Francisco, CA USA}
}

@article{hallerod_et_al_2013,
  title={Bad governance and poor children: A comparative analysis of government efficiency and severe child deprivation in 68 low-and middle-income countries},
  author={Haller{\"o}d, Bj{\"o}rn and Rothstein, Bo and Daoud, Adel and Nandy, Shailen},
  journal={World Development},
  volume={48},
  pages={19-31},
  year={2013},
  publisher={Elsevier}
}

@article{bollyky_et_al_2019,
  title={The relationships between democratic experience, adult health, and cause-specific mortality in 170 countries between 1980 and 2016: an observational analysis},
  author={Bollyky, Thomas J and Templin, Tara and Cohen, Matthew and Schoder, Diana and Dieleman, Joseph L and Wigley, Simon},
  journal={The Lancet},
  volume={393},
  number={10181},
  pages={1628-1640},
  year={2019},
  publisher={Elsevier}
}

@article{keogh_et_al_2011,
  title={Resilience, vulnerability and adaptive capacity of an inland rural town prone to flooding: a climate change adaptation case study of Charleville, Queensland, Australia},
  author={Keogh, Diane U and Apan, Armando and Mushtaq, Shahbaz and King, David and Thomas, Melanie},
  journal={Natural Hazards},
  volume={59},
  number={2},
  pages={699-723},
  year={2011},
  publisher={Springer}
}

@article{adalja_et_al_2014,
  title={Absorbing citywide patient surge during Hurricane Sandy: a case study in accommodating multiple hospital evacuations},
  author={Adalja, Amesh A and Watson, Matthew and Bouri, Nidhi and Minton, Kathleen and Morhard, Ryan C and Toner, Eric S},
  journal={Annals of emergency medicine},
  volume={64},
  number={1},
  pages={66-73},
  year={2014},
  publisher={Elsevier}
}

@article{das_2019,
  title={Evaluating climate change adaptation through evacuation decisions: a case study of cyclone management in India},
  author={Das, Saudamini},
  journal={Climatic Change},
  volume={152},
  number={2},
  pages={291-305},
  year={2019},
  publisher={Springer}
}

@article{he_et_al_2021,
  title={How do post-disaster policies influence household-level recovery? A case study of the 2010-11 Canterbury earthquake sequence, New Zealand},
  author={He, Lulu and Dominey-Howes, Dale and Aitchison, Jonathan C and Lau, Annie and Conradson, David},
  journal={International Journal of Disaster Risk Reduction},
  volume={60},
  pages={102274},
  year={2021},
  publisher={Elsevier}
}

@book{rabe_2004,
  title={Statehouse and greenhouse: The emerging politics of American climate change policy},
  author={Rabe, Barry G},
  year={2004},
  publisher={Brookings Institution Press}
}

@article{takao_2012,
  title={Making climate change policy work at the local level: capacity-building for decentralized policy making in Japan},
  author={Takao, Yasuo},
  journal={Pacific Affairs},
  volume={85},
  number={4},
  pages={767--788},
  year={2012},
  publisher={Pacific Affairs, a division of the University of British Columbia}
}

@article{meckling_and_nahm_2018,
  title={The power of process: State capacity and climate policy},
  author={Meckling, Jonas and Nahm, Jonas},
  journal={Governance},
  volume={31},
  number={4},
  pages={741-757},
  year={2018},
  publisher={Wiley Online Library}
}

@article{campbell_1996,
  title={Green cities, growing cities, just cities?: Urban planning and the contradictions of sustainable development},
  author={Campbell, Scott},
  journal={Journal of the American Planning Association},
  volume={62},
  number={3},
  pages={296--312},
  year={1996},
  publisher={Taylor \& Francis}
}

@article{manuell_and_cukor_2011,
  title={Mother Nature versus human nature: public compliance with evacuation and quarantine},
  author={Manuell, Mary-Elise and Cukor, Jeffrey},
  journal={Disasters},
  volume={35},
  number={2},
  pages={417--442},
  year={2011},
  publisher={Wiley Online Library}
}

@article{lucero_et_al_2020,
	author={Eddie Lucero and Jessica Trounstine and Jennifer M. Connolly and Casey Klofstad},
	year={2020},
	month={August 10,},
	title={A matter of life or death: How racial representation shapes compliance with city disaster preparedness orders},
	journal={Journal of urban affairs},
	volume={ahead-of-print},
	number={ahead-of-print},
	pages={1-18},
  isbn={0735-2166},
  url={http://www.tandfonline.com/doi/abs/10.1080/07352166.2020.1785303},
  doi={10.1080/07352166.2020.1785303}
}

@article{raker_and_elliott_2018,
  title={Attitudes toward mass arrivals: variations by racial, spatial, and temporal distances to incoming disaster evacuees},
  author={Raker, Ethan J and Elliott, James R},
  journal={Social Science Quarterly},
  volume={99},
  number={3},
  pages={1200--1213},
  year={2018},
  publisher={Wiley Online Library}
}

@article{raker_2020,
  title={Natural hazards, disasters, and demographic change: The case of severe tornadoes in the United States, 1980--2010},
  author={Raker, Ethan J},
  journal={Demography},
  volume={57},
  number={2},
  pages={653--674},
  year={2020},
  publisher={Duke University Press}
}

@article{ye_and_aldrich_2021,
  title={How natural hazards impact the social environment for vulnerable groups: an empirical investigation in Japan},
  author={Ye, Maoxin and Aldrich, Daniel P},
  journal={Natural Hazards},
  volume={105},
  number={1},
  pages={67--81},
  year={2021},
  publisher={Springer}
}

@article{yoshikawa_and_kawachi_2021,
  title={Association of socioeconomic characteristics with disparities in COVID-19 outcomes in Japan},
  author={Yoshikawa, Yuki and Kawachi, Ichiro},
  journal={JAMA Network Open},
  volume={4},
  number={7},
  pages={e2117060--e2117060},
  year={2021},
  publisher={American Medical Association}
}


@book{klinenberg_2018,
  year = {2018},
  author = {Klinenberg, Eric},
  address = {New York},
  edition = {First edition.},
  isbn = {9781524761165},
  keywords = {Infrastructure (Economics) -- United States},
  language = {eng},
  lccn = {2018002837},
  publisher = {Crown},
  title = {Palaces for the people: how social infrastructure can help fight inequality, polarization, and the decline of civic life},
}

@article{aldrich_2011,
  title={The power of people: social capitalâ€™s role in recovery from the 1995 Kobe earthquake},
  author={Aldrich, Daniel P},
  journal={Natural hazards},
  volume={56},
  number={3},
  pages={595--611},
  year={2011},
  publisher={Springer}
}

@book{aldrich_2012,
  title={Building resilience: Social capital in post-disaster recovery},
  author={Aldrich, Daniel P},
  publisher={University of Chicago Press},
  address={Chicago, IL},
  year={2012}
}

@book{aldrich_2019,
  title={Black wave: How networks and governance shaped Japan's 3/11 disasters},
  author={Aldrich, Daniel P},
  year={2019},
  publisher={University of Chicago Press},
  address={Chicago, IL}
}

@article{cutter_and_finch_2008,
  title={Temporal and spatial changes in social vulnerability to natural hazards},
  author={Cutter, Susan L and Finch, Christina},
  journal={Proceedings of the national academy of sciences},
  volume={105},
  number={7},
  pages={2301--2306},
  year={2008},
  publisher={National Acad Sciences}
}

@article{cutter_et_al_2006,
  title={The long road home: Race, class, and recovery from Hurricane Katrina},
  author={Cutter, Susan L and Emrich, Christopher T and Mitchell, Jerry T and Boruff, Bryan J and Gall, Melanie and Schmidtlein, Mathew C and Burton, Christopher G and Melton, Ginni},
  journal={Environment: Science and Policy for Sustainable Development},
  volume={48},
  number={2},
  pages={8--20},
  year={2006},
  publisher={Taylor \& Francis}
}

@article{enarson_1998,
  title={Through womenâ€™s eyes: A gendered research agenda for disaster social science},
  author={Enarson, Elaine},
  journal={Disasters},
  volume={22},
  number={2},
  pages={157--173},
  year={1998},
  publisher={Wiley Online Library}
}

@article{flanagan_et_al_2011,
  title={A social vulnerability index for disaster management},
  author={Flanagan, Barry E and Gregory, Edward W and Hallisey, Elaine J and Heitgerd, Janet L and Lewis, Brian},
  journal={Journal of homeland security and emergency management},
  volume={8},
  number={1},
  year={2011},
  publisher={De Gruyter}
}

@article{flanagan_et_al_2018,
  title={Measuring community vulnerability to natural and anthropogenic hazards: the Centers for Disease Control and Preventionâ€™s Social Vulnerability Index},
  author={Flanagan, Barry E and Hallisey, Elaine J and Adams, Erica and Lavery, Amy},
  journal={Journal of environmental health},
  volume={80},
  number={10},
  pages={34},
  year={2018},
  publisher={NIH Public Access}
}

@article{deng_et_al_2021,
	author={Hengfang Deng and Daniel P. Aldrich and Michael M. Danziger and Jianxi Gao and Nolan E. Phillips and Sean P. Cornelius and Qi Ryan Wang},
	year={2021},
	title={High-resolution human mobility data reveal race and wealth disparities in disaster evacuation patterns},
	journal={Humanities and Social Sciences Communications},
	volume={8},
	pages={144},
	url={https://doi.org/10.1057/s41599-021-00824-8}
}


@article{chapman_et_al_2016,
  title={Proposing an evaluation framework for energy policy making incorporating equity: Applications in Australia},
  author={Chapman, Andrew J and McLellan, Benjamin and Tezuka, Tetsuo},
  journal={Energy Research \& Social Science},
  volume={21},
  pages={54--69},
  year={2016},
  publisher={Elsevier}
}

@article{chapman_and_shigetomi_2018,
  title={Visualizing the shape of society: An analysis of public bads and burden allocation due to household consumption using an input-output approach},
  author={Chapman, Andrew and Shigetomi, Yosuke},
  journal={Science of The Total Environment},
  volume={639},
  pages={385--396},
  year={2018},
  publisher={Elsevier}
}

@article{burke_and_stephens_2017,
  title={Energy democracy: Goals and policy instruments for sociotechnical transitions},
  author={Burke, Matthew J and Stephens, Jennie C},
  journal={Energy research \& social science},
  volume={33},
  pages={35--48},
  year={2017},
  publisher={Elsevier}
}

@article{sunter_et_al_2019,
  title={Disparities in rooftop photovoltaics deployment in the United States by race and ethnicity},
  author={Sunter, Deborah A and Castellanos, Sergio and Kammen, Daniel M},
  journal={Nature Sustainability},
  volume={2},
  number={1},
  pages={71--76},
  year={2019},
  publisher={Nature Publishing Group}
}

@article{nakai_et_al_2016,
  title={Factors related to evacuation intentions of power-dependent home care patients in Japan},
  author={Nakai, Hisao and Tsukasaki, Keiko and Kyota, Kaoru and Itatani, Tomoya and Nihonyanagi, Reiko and Shinmei, Yasuko and Yasuoka, Shizuka},
  journal={Journal of Community Health Nursing},
  volume={33},
  number={4},
  pages={196--208},
  year={2016},
  publisher={Taylor \& Francis}
}

@article{deyoung_et_al_2016,
  author={S. E. DeYoung and T. Wachtendorf and R. A. Davidson and K. Xu and L. Nozick and A. K. Farmer and L. Zelewicz},
  year={2016},
  month={Apr 2,},
  title={A mixed method study of hurricane evacuation: demographic predictors for stated compliance to voluntary and mandatory orders},
  journal={Environmental hazards},
  volume={15},
  number={2},
  pages={95-112},
  isbn={1747-7891},
  url={http://www.tandfonline.com/doi/abs/10.1080/17477891.2016.1140630},
  doi={10.1080/17477891.2016.1140630}
}

@article{collins_et_al_2021,
  title={Hurricane risk perceptions and evacuation decision-making in the age of COVID-19},
  author={Collins, Jennifer and Polen, Amy and McSweeney, Killian and Col{\'o}n-Burgos, Deli{\'a}n and Jernigan, Isabelle},
  journal={Bulletin of the American Meteorological Society},
  volume={102},
  number={4},
  pages={E836--E848},
  year={2021}
}

@article{page-tan_and_fraser_2022,
  title={CoViD-19 to go? The role of disasters and evacuation in the CoViD-19 pandemic},
  author={Page-Tan, Courtney and Fraser, Timothy},
  journal={Global Environmental Change},
  pages={102471},
  year={2022},
  publisher={Elsevier}
}

@article{hamideh_and_rongerude_2018,
  title={Social vulnerability and participation in disaster recovery decisions: public housing in Galveston after Hurricane Ike},
  author={Hamideh, Sara and Rongerude, Jane},
  journal={Natural Hazards},
  volume={93},
  number={3},
  pages={1629--1648},
  year={2018},
  publisher={Springer}
}

@article{hamideh_2020,
  title={Opportunities and challenges of public participation in post-disaster recovery planning: lessons from Galveston, TX},
  author={Hamideh, Sara},
  journal={Natural Hazards Review},
  volume={21},
  number={4},
  pages={05020009},
  year={2020},
  publisher={American Society of Civil Engineers}
}

@article{talbot_et_al_2020,
  title={Informality in postdisaster reconstruction: The role of social capital in reconstruction management in Post--Hurricane Maria Puerto Rico},
  author={Talbot, Jessica and Poleacovschi, Cristina and Hamideh, Sara and Santos-Rivera, Carlos},
  journal={Journal of Management in Engineering},
  volume={36},
  number={6},
  pages={04020074},
  year={2020},
  publisher={American Society of Civil Engineers}
}

@article{pagetan_2021,
  title={An analysis of social media use and neighbor-assisted debris removal in Houston following Hurricane Harvey},
  author={Page-Tan, Courtney},
  journal={International Journal of Disaster Risk Reduction},
  volume={63},
  pages={102450},
  year={2021},
  publisher={Elsevier}
}








@article{lee_2020,
  author = {Juheon Lee},
  title = {Post-disaster trust in Japan: the social impact of the experiences and perceived risks of natural hazards},
  journal = {Environmental Hazards},
  volume = {19},
  number = {2},
  pages = {171-186},
  year  = {2020},
  publisher = {Taylor & Francis},
  doi = {10.1080/17477891.2019.1664380},
  url = {https://doi.org/10.1080/17477891.2019.1664380}
}

@article{fraser_et_al_2022_EIST,
title = {Leaders or networkers? The role of mayors in renewable energy transition},
journal = {Environmental Innovation and Societal Transitions},
volume = {42},
pages = {301-316},
year = {2022},
issn = {2210-4224},
doi = {https://doi.org/10.1016/j.eist.2022.01.003},
url = {https://www.sciencedirect.com/science/article/pii/S221042242200003X},
author = {Timothy Fraser and Mary Bancroft and Andrew Small and Lily Cunningham},
keywords = {Mayors, Renewable energy, Solar, Social capital, Politics, US, Japan},
abstract = {Why do some cities adopt more renewable energy than others? This mixed methods study quantifies the effect that a supportive city mayor can have on his/her city's renewable energy transition. We draw on the case of sizable cities (at least 30,000 residents) in the US states of Massachusetts and the Japanese prefecture of Chiba. We catalogue instances of mayoral support for renewables and specific companies over the last ten years drawing from online newspapers and government documents, statistical modeling, and case studies of key mayors. Mayoral support to renewable power greatly improve solar adoption, but the strength of grassroots social capital in these cities can strengthen or shackle mayors' efforts, depending on the type of social capital. By highlighting the role of mayors in renewable energy, we hope to clarify in what situations mayors can make a difference in helping cities transition to renewable energy.}
}


@inbook{aldrich_et_al_2018,
  author={Daniel P. Aldrich and Courtney Page-Tan and Timothy Fraser},
  editor={Trump,Benjamin D.},
  year={2018},
  title={A Janus-faced resource: Social capital and resilience trade-offs.},
  publisher={EPFL International Risk Governance Center},
  address={Lausanne, CH},
  url={https://beta.irgc.org/wp-content/uploads/2018/12/Aldrich-et-al-for-IRGC-Resilience-Guide-Vol-2-2018.pdf}
}


@article{fraser_and_aldrich_2021_SR,
	author={Timothy Fraser and Daniel P. Aldrich},
	year={2021},
	title={The Dual Effect of Social Ties on COVID-19 Spread in Japan},
	journal={Scientific Reports},
	volume={11},
	number={1596},
	pages={1-12},
	url={https://doi.org/10.1038/s41598-021-81001-4}
}

@article{szreter_and_woolcock_2004,
    author = {Szreter, Simon and Woolcock, Michael},
    title = "{Health by association? Social capital, social theory, and the political economy of public health}",
    journal = {International Journal of Epidemiology},
    volume = {33},
    number = {4},
    pages = {650-667},
    year = {2004},
    month = {07},
    issn = {0300-5771},
    doi = {10.1093/ije/dyh013},
    url = {https://doi.org/10.1093/ije/dyh013},
    eprint = {https://academic.oup.com/ije/article-pdf/33/4/650/1923425/dyh013.pdf}
}


@article{tsai_2007, 
  title={Solidary Groups, Informal Accountability, and Local Public Goods Provision in Rural China}, 
  volume={101}, 
  doi={10.1017/S0003055407070153}, 
  number={2}, 
  journal={American Political Science Review}, 
  publisher={Cambridge University Press}, 
  author={Tsai, Lily L.}, 
  year={2007}, 
  pages={355â€“372}
}

@article{woolcock_and_narayan_2000,
 author = {Michael Woolcock and Deepa Narayan},
 journal = {The World Bank Research Observer},
 number = {2},
 pages = {225--249},
 publisher = {Oxford University Press},
 title = {Social Capital: Implications for Development Theory, Research, and Policy},
 volume = {15},
 year = {2000}
}

@book{north_et_al_2009,
  author={North, Douglass C., Wallis, John Joseph, and Weingast, Barry R.},
  title={Violence and Social Orders: A Conceptual Framework for Interpreting Recorded Human History},
  year={2009},
  publisher={Cambridge University Press},
  address={Cambridge, UK}
}

@article{alcorta_et_al_2020,
  author={Alcorta, L. and Smits, J. and Swedlund, H.J. and de Jong, Eelke},
  title={The 'Dark Side' of Social Capital: A Cross-National Examination of the Relationship Between Social Capital and Violence in Africa},
  journal={Social Indicators Research},
  volume={149},
  pages={445â€“465},
  year={2020}
}

@article{alesina_et_al_1999,
    author = {Alesina, Alberto and Baqir, Reza and Easterly, William},
    title = "{Public Goods and Ethnic Divisions}",
    journal = {The Quarterly Journal of Economics},
    volume = {114},
    number = {4},
    pages = {1243-1284},
    year = {1999},
    month = {11},
    issn = {0033-5533},
    doi = {10.1162/003355399556269},
    url = {https://doi.org/10.1162/003355399556269},
    eprint = {https://academic.oup.com/qje/article-pdf/114/4/1243/5449312/114-4-1243.pdf},
}

@article{mouw_2006,
  author={Mouw, Ted},
  year={2006}, 
  title={Estimating the Causal Effect of Social Capital: A Review of Recent Research},
  journal={Annual Review of Sociology},
  volume={32}, 
  pages={79â€“102},
  url={http://www.jstor.org/stable/29737732}
}

@article{cox_et_al_2011,
  author={Cox, Robin S., and Karen-Marie Elah Perry},
  title={Like a fish out of water: Reconsidering disaster recovery and the role of place and social capital in community disaster resilience},
  journal={American Journal of Community Psychology},
  volum={48},
  issue={3},
  year={2011},
  pages={395-411}
}

@article{aldrich_and_crook_2008,
  author={Aldrich, Daniel P., and Crook, Kevin},
  year={2008},
  title={Strong civil society as a double-edged sword: Siting trailers in post-Katrina New Orleans},
  journal={Political Research Quarterly},
  volume={61},
  issue={3},
  pages={379-389}
}

@article{fraser_2021_ERSS,
	author={Timothy Fraser},
	year={2021},
	title={Does social capital boost or block renewable energy siting? South African solar politics in comparison},
	journal={Energy Research & Social Science},
	volume={71},
	number={101845},
	pages={1-12}
}
@article{fraser_et_al_2021_CRM,
	author={Timothy Fraser and Larissa Morikawa and Daniel P. Aldrich},
	year={2021},
	title={Rumor Has it: The Role of Social Ties and Misinformation in Evacuation to Nearby Shelters after Disaster},
	journal={Climate Risk Management},
	volume={33},
	pages={100320}
}
@article{fraser_and_temocin_2021_CC,
  author={Timothy Fraser and Pinar Temocin},
  year={2021},
  title={Grassroots vs. Greenhouse: The Role of Environmental Organizations in Reducing Carbon Emissions},
  journal={Climatic Change},
  volume={169},
  number={22},
  pages={1-21}
}


@article{elliott_et_al_2010,
  author = {James R. Elliott and Timothy J. Haney and Petrice Sams-Abiodun},
  title = {Limits to Social Capital: Comparing Network Assistance in Two New Orleans Neighborhoods Devastated by Hurricane Katrina},
  journal = {The Sociological Quarterly},
  volume = {51},
  number = {4},
  pages = {624-648},
  year  = {2010},
  publisher = {Routledge},
  doi = {10.1111/j.1533-8525.2010.01186.x},
  url={https://doi.org/10.1111/j.1533-8525.2010.01186.x},
  eprint={https://doi.org/10.1111/j.1533-8525.2010.01186.x}
}

@article{abadie_et_al_2010,
  author={Abadie, A and Diamond, D and Hainmueller, J},
  year={2010},
  title={Synthetic control methods for comparative case studies: Estimating the effect of Californiaâ€™s tobacco control
program},
  journal={Journal of the American Statistical Association},
  volume={105},
  issue={490},
  pages={493â€“505},
  doi={10.1198/jasa.2009.ap08746}
}
@article{abadie_et_al_2015,
  author={Abadie, A and Diamond, A and Hainmueller, J},
  title={Comparative politics and the synthetic control method},
  year={2015},
  journal={American Journal of Political Science},
  volume={59},
  issue={2},
  pages={495-510},
  doi={10.1111/ajps.12116}
}
@article{ando_2015,
  title = {Dreams of urbanization: Quantitative case studies on the local impacts of nuclear power facilities using the synthetic control method},
  journal = {Journal of Urban Economics},
  volume = {85},
  pages = {68-85},
  year = {2015},
  issn = {0094-1190},
  doi = {https://doi.org/10.1016/j.jue.2014.10.005},
  url = {https://www.sciencedirect.com/science/article/pii/S009411901400093X},
  author = {Michihito Ando},
  keywords = {Local income growth, Local employment, Nuclear power facilities, Synthetic control method, Quantitative case study},
}

@article{xu_2017, 
  title={Generalized Synthetic Control Method: Causal Inference with Interactive Fixed Effects Models}, 
  volume={25}, 
  doi={10.1017/pan.2016.2}, 
  number={1}, 
  journal={Political Analysis}, 
  publisher={Cambridge University Press}, 
  author={Xu, Yiqing}, 
  year={2017},
  pages={57â€“76}
}


@book{angrist_and_pischke_2008,
  author={Angrist, Joshua D and JÃ¶rn-Steffen Pischke},
  year={2008},
  title={Mostly Harmless Econometrics: An Empiricistâ€™s Companion},
  address={Princeton, New Jersey},
  publisher={Princeton University Press}
}

@book{shadish_et_al_2002,
  author={Shadish, W. R., Cook, T. D., and Campbell, D. T.},
  year={2002},
  title={Experimental and quasi-experimental designs for generalized causal inference},
  address={Boston, MA},
  publisher={Houghton-Mifflin}
}


@article{hanibuchi_et_al_2012,
  title = {Does walkable mean sociable? Neighborhood determinants of social capital among older adults in Japan},
  journal = {Health & Place},
  volume = {18},
  number = {2},
  pages = {229-239},
  year = {2012},
  issn = {1353-8292},
  url = {https://doi.org/10.1016/j.healthplace.2011.09.015},
  author = {Tomoya Hanibuchi and Katsunori Kondo and Tomoki Nakaya and Kokoro Shirai and Hiroshi Hirai and Ichiro Kawachi}
}

@article{liu_et_al_2012,
  title={The social networks of new-generation migrants in Chinaâ€™s urbanized villages: A case study of Guangzhou},
  author={Liu, Ye and Li, Zhigang and Breitung, Werner},
  journal={Habitat International},
  volume={36},
  number={1},
  pages={192--200},
  year={2012},
  publisher={Elsevier}
}


@article{liu_et_al_2017,
  title={The effect of neighbourhood social ties on migrants' subjective wellbeing in Chinese cities},
  author={Liu, Yuqi and Zhang, Fangzhu and Liu, Ye and Li, Zhigang and Wu, Fulong},
  journal={Habitat International},
  volume={66},
  pages={86--94},
  year={2017},
  publisher={Elsevier}
}

@article{choi_et_al_2018,
  title={The effect of the social networks of the elderly on housing choice in Korea},
  author={Choi, Yeol and Kwon, Yeon-Hwa and Kim, Jeongseob},
  journal={Habitat International},
  volume={74},
  pages={1--8},
  year={2018},
  publisher={Elsevier}
}

@article{noguchi_et_al_2022,
  title={Association between community-level social capital and frailty onset among older adults: a multilevel longitudinal study from the Japan Gerontological Evaluation Study (JAGES)},
  author={Noguchi, Taiji and Murata, Chiyoe and Hayashi, Takahiro and Watanabe, Ryota and Saito, Masashige and Kojima, Masayo and Kondo, Katsunori and Saito, Tami},
  journal={J Epidemiol Community Health},
  volume={76},
  number={2},
  pages={182--189},
  year={2022},
  publisher={BMJ Publishing Group Ltd}
}


@article{jun_and_ha_2015,
  title={Social capital and assimilation of migrant workers and foreign wives in South Korea: The case of Wongok community},
  author={Jun, Hee-Jung and Ha, Seong-Kyu},
  journal={Habitat International},
  volume={47},
  pages={126--135},
  year={2015},
  publisher={Elsevier}
}

@article{mateo_2012,
  title={Public life in Bangkok's urban spaces},
  author={Mateo-Babiano, Iderlina B},
  journal={Habitat International},
  volume={36},
  number={4},
  pages={452--461},
  year={2012},
  publisher={Elsevier}
}


@book{sorensen_and_funck_2007,
  title={Living cities in Japan: citizens' movements, machizukuri and local environments},
  author={Sorensen, Andr{\'e} and Funck, Carolin},
  year={2007},
  publisher={Routledge}
}

@misc{montgomery_2013,
  title={Happy City: Transforming Our Lives through Urban Design},
  author={Montgomery, Charles},
  year={2013},
  publisher={Random House, Penguin Books}
}


@article{tian_et_al_2016,
  title={Restructuring rural settlements based on an analysis of inter-village social connections: A case in Hubei Province, Central China},
  author={Tian, Yasi and Kong, Xuesong and Liu, Yaolin and Wang, Haofeng},
  journal={Habitat International},
  volume={57},
  pages={121--131},
  year={2016},
  publisher={Elsevier}
}

@article{zheng_et_al_2020,
  title={Do affordable housing programs facilitate migrants' social integration in Chinese cities?},
  author={Zheng, Siqi and Song, Zhida and Sun, Weizeng},
  journal={Cities},
  volume={96},
  pages={102449},
  year={2020},
  publisher={Elsevier}
}

@book{stiglitz_2002, 
  title = {Globalization and its discontents}, 
  author={Stiglitz, Joseph E.}, 
  year = {2002}, 
  publisher = {W. W. Norton}, 
  location = {New York, NY}
}

@article{mochizuki_et_al_2014,
  title = {Revisiting the â€˜disaster and developmentâ€™ debate â€“ Toward a broader understanding of macroeconomic risk and resilience},
  journal = {Climate Risk Management},
  volume = {3},
  pages = {39-54},
  year = {2014},
  issn = {2212-0963},
  url = {https://doi.org/10.1016/j.crm.2014.05.002},
  author = {Mochizuki, Junko, and Mechler, Reinhard, and Hochrainer-Stigler, Stefan, and Keating, Adriana, and Williges, Keith}
}


@article{shimada_2015,
  title = {The role of social capital after disasters: An empirical study of Japan based on Time-Series-Cross-Section (TSCS) data from 1981 to 2012},
  journal = {International Journal of Disaster Risk Reduction},
  volume = {14},
  pages = {388-394},
  year = {2015},
  issn = {2212-4209},
  url = {https://doi.org/10.1016/j.ijdrr.2015.09.004},
  author = {Go Shimada}
}


@article{monteil_et_al_2020,
  title={Post-disaster recovery and sociocultural change: Rethinking social capital development for the new social fabric},
  author={Monteil, Charlotte and Simmons, Peter and Hicks, Anna},
  journal={International Journal of Disaster Risk Reduction},
  volume={42},
  pages={101356},
  year={2020},
  publisher={Elsevier}
}

@article{oliver_2009,
title={Anthropology and the political economy of disasters},
author={Oliver-Smith, Anthony},
journal={The political economy of hazards and disasters},
pages={11--28},
year={2009},
publisher={Altamira Press, USA}
}

@book{kelman_2020,
title={Disaster by choice: How our actions turn natural hazards into catastrophes},
author={Kelman, Ilan},
year={2020},
publisher={Oxford University Press}
}

@article{smith_2006,
title={Thereâ€™s no such thing as a natural disaster},
author={Smith, Neil},
journal={Understanding Katrina: perspectives from the social sciences},
volume={11},
year={2006},
publisher={Social Science Research Council New York, NY}
}

@inproceedings{tierney_1999,
title={Toward a critical sociology of risk},
author={Tierney, Kathleen J},
booktitle={Sociological forum},
volume={14},
number={2},
pages={215--242},
year={1999},
organization={Springer}
}

@article{craig_2019,
title={Coastal adaptation, government-subsidized insurance, and perverse incentives to stay},
author={Craig, R.K.},
journal={Climatic Change},
volume={152},
pages={215â€“226},
year={2019},
url={https://doi.org/10.1007/s10584-018-2203-5}
}

@article{ritchie_and_roser_2021,
author = {Hannah Ritchie and Max Roser},
title = {Natural Disasters},
journal = {Our World in Data},
year = {2021},
note = {https://ourworldindata.org/natural-disasters}
}

@article{pongponrat_ishii_2018,
title = {Social vulnerability of marginalized people in times of disaster: Case of Thai women in Japan Tsunami 2011},
journal = {International Journal of Disaster Risk Reduction},
volume = {27},
pages = {133-141},
year = {2018},
issn = {2212-4209},
url = {https://doi.org/10.1016/j.ijdrr.2017.09.047},
author = {Pongponrat, Kannapa and Ishii, Kayoko}
}

@article{drakes_et_al_2021,
title = {Social vulnerability and short-term disaster assistance in the United States},
journal = {International Journal of Disaster Risk Reduction},
volume = {53},
pages = {102010},
year = {2021},
issn = {2212-4209},
url = {https://doi.org/10.1016/j.ijdrr.2020.102010},
author = {Drakes, Oronde, and Tate, Eric, and Rainey, Jayton, and Brody, Samuel}
}



@article{emrich_et_al_2020,
author = {Emrich, Christopher T., and Tate, Eric, and Larson, Sarah E., and Zhou, Yao},
title = {Measuring social equity in flood recovery funding},
journal = {Environmental Hazards},
volume = {19},
number = {3},
pages = {228-250},
year  = {2020},
publisher = {Taylor & Francis},
doi = {10.1080/17477891.2019.1675578}
}



@article{griego_et_al_2020,
title = {Social vulnerability, disaster assistance, and recovery: A population-based study of Hurricane Harvey in Greater Houston, Texas},
journal = {International Journal of Disaster Risk Reduction},
volume = {51},
pages = {101766},
year = {2020},
issn = {2212-4209},
url = {https://doi.org/10.1016/j.ijdrr.2020.101766},
author = {Griego, Angel L., and Flores, Aaron B., and Collins, Timothy W., and Grineski, Sara E.}
}



@article{thiri_2022,
title = {Uprooted by tsunami: A social vulnerability framework on long-term reconstruction after the Great East Japan earthquake},
journal = {International Journal of Disaster Risk Reduction},
volume = {69},
pages = {102725},
year = {2022},
url = {https://doi.org/10.1016/j.ijdrr.2021.102725},
author = {Thiri, May Aye}
}

@article{goldsmith_et_al_2022,
author = {Goldsmith, Leo and Raditz, Vanessa and MÃ©ndez, Michael},
title = {Queer and Present Danger: Understanding the Disparate Impacts of Disasters on LGBTQ+ Communities},
journal = {Disasters},
year ={2022},
url = {https://doi.org/10.1111/disa.12509}
}



@article{cheek_2020,
  author = {Cheek, Wesley},
  year = {2020}, 
  title = {The paradox of community involvement: rebuilding Minamisanriku}, 
  journal = {Disaster Prevention and Management},
  volume = {29},
  number = {6},
  pages = {893-907},
  url = {https://doi.org/10.1108/DPM-12-2019-0374}
}

@article{ghezelloo_et_al_2022,
  author = {Ghezelloo, Yegane and Hokugo, Akihiko and Maly, Elizabeth, and Shiomi, Yumi},
  title = {Authorization and levels of justice in recovery of gathering spaces after the great East Japan earthquake and tsunami 2011}, 
  year = {2022},
  journal = {Progress in Disaster Science}, 
  volume = {13}, 
  pages = {100217}
}